<?xml version='1.0' encoding='utf-8'?>
<record xmlns="http://www.loc.gov/MARC21/slim" xmlns:xsi="http://www.w3.org/2001/XMLSchema-instance">
  <leader>^^^^^njm^a2200337^a^4500</leader>
  <controlfield tag="001">003784538</controlfield>
  <controlfield tag="005">20020924000000.0</controlfield>
  <controlfield tag="007">sd^fsngnn----d</controlfield>
  <controlfield tag="008">020923s1995^^^^miurcn^^^^^^^^^^^^^^eng^d</controlfield>
  <datafield tag="028" ind1="0" ind2="2">
    <subfield code="b">Skillet Records</subfield>
    <subfield code="a">005</subfield>
  </datafield>
  <datafield tag="035" ind1=" " ind2=" ">
    <subfield code="a">(OCoLC)ocm50618438</subfield>
  </datafield>
  <datafield tag="040" ind1=" " ind2=" ">
    <subfield code="a">BEU</subfield>
    <subfield code="c">BEU</subfield>
  </datafield>
  <datafield tag="245" ind1="0" ind2="0">
    <subfield code="a">Sounds of Ann Arbor</subfield>
    <subfield code="h">[sound recording] :</subfield>
    <subfield code="b">C. S. Mott Children's Hospital benefit recording.</subfield>
  </datafield>
  <datafield tag="260" ind1=" " ind2=" ">
    <subfield code="a">Ann Arbor, MI :</subfield>
    <subfield code="b">Skillet Records,</subfield>
    <subfield code="c">[1995?]</subfield>
  </datafield>
  <datafield tag="300" ind1=" " ind2=" ">
    <subfield code="a">1 sound disc :</subfield>
    <subfield code="b">digital, stereo. ;</subfield>
    <subfield code="c">4 3/4 in.</subfield>
  </datafield>
  <datafield tag="500" ind1=" " ind2=" ">
    <subfield code="a">"Skillet records presents--".</subfield>
  </datafield>
  <datafield tag="500" ind1=" " ind2=" ">
    <subfield code="a">Compact disc.</subfield>
  </datafield>
  <datafield tag="505" ind1="0" ind2=" ">
    <subfield code="a">Alright / WhirlingRoad -- Remind me / the Impatients -- Mutually assured destruction / Kiss Me Screaming -- Under Foot / the Melba -- You can have me / Lucky Haskins -- Wearing thin / the Lollipop Guild -- Stars / the Impatients -- Flush / Kiss Me Screaming -- Hop that train / Lucky Haskins -- Disappointed / the Lollipop Guild -- Two hands in the ground / the Melba -- Turn / WhirlingRoad.</subfield>
  </datafield>
  <datafield tag="650" ind1=" " ind2="0">
    <subfield code="a">Rock music</subfield>
    <subfield code="z">Michigan</subfield>
    <subfield code="z">Ann Arbor.</subfield>
  </datafield>
  <datafield tag="710" ind1="2" ind2=" ">
    <subfield code="a">Skillet records.</subfield>
  </datafield>
  <datafield tag="710" ind1="2" ind2=" ">
    <subfield code="a">University of Michigan.</subfield>
    <subfield code="b">Mott Children's Hospital.</subfield>
  </datafield>
  <datafield tag="710" ind1="2" ind2=" ">
    <subfield code="a">WhirlingRoad (Musical group)</subfield>
  </datafield>
  <datafield tag="710" ind1="2" ind2=" ">
    <subfield code="a">Impatients (Musical group)</subfield>
  </datafield>
  <datafield tag="710" ind1="2" ind2=" ">
    <subfield code="a">Kiss Me Screaming (Musical group)</subfield>
  </datafield>
  <datafield tag="710" ind1="2" ind2=" ">
    <subfield code="a">Melba (Musical group)</subfield>
  </datafield>
  <datafield tag="710" ind1="2" ind2=" ">
    <subfield code="a">Lollipop Guild (Musical group)</subfield>
  </datafield>
  <datafield tag="710" ind1="2" ind2=" ">
    <subfield code="a">Lucky Haskins (Musical group)</subfield>
  </datafield>
  <datafield tag="852" ind1="8" ind2=" ">
    <subfield code="a">MiU-H</subfield>
    <subfield code="b">BENT</subfield>
    <subfield code="h">02136 Aa 2</subfield>
  </datafield>
  <datafield tag="998" ind1=" " ind2=" ">
    <subfield code="c">LAC</subfield>
  </datafield>
  <datafield tag="955" ind1=" " ind2=" ">
    <subfield code="b">BENT</subfield>
    <subfield code="p">B1620724</subfield>
  </datafield>
</record>
